@Article{wsn:exploration:harshita09,
  author = 	 {Author},
  title = 	 {Title},
  journal = 	 {Journal},
  year = 	 {1990}
}


@Book{ID,
  author = 	 {Author},
  editor = 	 {Editor},
  title = 	 {Title},
  publisher = 	 {Publisher},
  year = 	 {Year},
  key = 	 {},
  volume = 	 {},
  number = 	 {},
  series = 	 {},
  address = 	 {},
  edition = 	 {},
  month = 	 {},
  note = 	 {},
  annote = 	 {}
}


@Proceedings{ID,
  title = 	 {Title},
  year = 	 {Year},
  OPTkey = 	 {},
  OPTbooktitle = {},
  OPTeditor = 	 {},
  OPTvolume = 	 {},
  OPTnumber = 	 {},
  OPTseries = 	 {},
  OPTaddress = 	 {},
  OPTmonth = 	 {},
  OPTorganization = {},
  OPTpublisher = {},
  OPTnote = 	 {},
  OPTannote = 	 {}
}

@TechReport{ID,
  author = 	 {Author},
  title = 	 {Title},
  institution =  {Institution},
  year = 	 {Year},
  OPTkey = 	 {},
  OPTtype = 	 {},
  OPTnumber = 	 {},
  OPTaddress = 	 {},
  OPTmonth = 	 {},
  OPTnote = 	 {},
  OPTannote = 	 {}
}

@Misc{ID,
  OPTkey = 	 {},
  OPTauthor = 	 {},
  OPTtitle = 	 {},
  OPThowpublished = {},
  OPTmonth = 	 {},
  OPTyear = 	 {},
  OPTnote = 	 {},
  OPTannote = 	 {}
}

