
%%Particle Swarm Optimization

@inproceedings{pso:origin-b:eberhart95,
author={Kennedy, J. and Eberhart, R.},
booktitle={IEEE International Conference on Neural Networks},
title={{Particle Swarm Optimization}},
year={1995},
volume={4},
number={},
pages={1942-1948}
}

@inproceedings{pso:origin-a:eberhart95,
author={Eberhart, R. and Kennedy, J.},
booktitle={Sixth International Symposium on Micro Machine and Human Science},
title={{A new optimizer using particle swarm theory}},
year={1995},
month={},
volume={},
number={},
pages={39-43}
}

@incollection {pso:stability:veysel11,
   author = {Gazi, Veysel and Passino, Kevin M. and Gazi, Veysel and Passino, Kevin M.},
   title = {Particle Swarm Optimization},
   booktitle = {Swarm Stability and Optimization},
   publisher = {Springer Berlin Heidelberg},
   pages = {251-279},
   year = {2011}
}

@inproceedings{pso:inertia:shi98,
author={Shi, Y. and Eberhart, R.},
booktitle={IEEE World Congress on Computational Intelligence}, 
title={{A modified particle swarm optimizer}},
year={1998},
volume={},
number={},
pages={69-73}
}

@article{pso:polar-pso:matthysen11,
title = {A polar coordinate particle swarm optimiser},
journal = {Applied Soft Computing},
volume = {11},
number = {1},
pages = {1322-1339},
year = {2011},
author = {Wiehann Matthysen and Andries P. Engelbrecht}
}


@book{pso:fundamentals:engelbrecht07,
 author = {Engelbrecht, Andries P.},
 title = {Fundamentals of Computational Swarm Intelligence},
 year = {2006},
 publisher = {John Wiley \& Sons},
} 

@phdthesis{pso:guidelines:bergh02,
author={F. van den Bergh},
title={{An analysis of particle swarm optimizers}},
school={University of Pretoria, South Africa},
year={2002}
}

%% Benchmark functions
@TechReport{be:cec-2010:suganthan10,
  author = 	 {K. Tang and Xiaodong Li and P. N. Suganthan and Z. Yang and T. Weise},
  title = 	 {{Benchmark Functions for the CEC'2010 Special Session and Competition on Large Scale Global Optimization}},
  institution =  {Nature Inspired Computation and Applications Laboratory, USTC, China},
  year = 	 {2009},
  note = 	 {http://nical.ustc.edu.cn/cec10ss.php},
}


%% Asynchronous

@inproceedings{pso:spso-apso:rada-vilela11, 
author={Juan Rada-Vilela and Mengjie Zhang and Winston Seah}, 
booktitle={GECCO'11}, 
title={A performance study on synchronous and asynchronous updates in particle swarm optimization}, 
year={2011},
pages={21-28} 
}

@inproceedings{pso:rapso:rada-vilela11,
  author = 	 {Juan Rada-Vilela and Mengjie Zhang and Winston Seah},
  title = 	 {Random Asynchronous {PSO}},
  booktitle = {5th International Conference on Automation, Robotics and Applications},
  pages = 	 {},
  year = 	 {2011},
  note = 	 {Wellington, New Zealand. (to appear)}
}
 

@inproceedings{pso:offshelf:carlisle01,
author={A. Carlisle and G. Dozier}, 
Booktitle={Workshop on Particle Swarm Optimization}, 
affiliation={Indianapolis, USA},
title={{An off-the-shelf {PSO}}},
year={2001},
pages={1-6}
}


@article{pso:papso:koh06,
title = {Parallel asynchronous particle swarm optimization},
journal = {International Journal for Numerical Methods in Engineering},
volume = {67},
issue = {},
pages = {578-595},
year = {2006},
author = {Byung-Il Koh and Alan George and Raphael Haftka and Benjamin Fregly},
month={January}
}

@article{pso:papso:venter06,
author={Gerhard Venter and Jaroslaw Sobieszczanski-Sobieski}, 
Journal={Journal of Aerospace Computing, Information, and Communication}, 
title={{A Parallel Particle Swarm Optimization Algorithm accelerated by Asynchronous Evaluations}},
year={2006}, 
volume={3}, 
number={3},
pages={123-137}
}

@article{pso:papso:luo05,
author={Jian Luo and Zhong Zhang},
title={{Research on the Parallel Simulation of Asynchronous Pattern of Particle Swarm Optimization}},
journal = {Computer Simulation},
year={2006},
volume={22},
number={6},
pages={78-70 (in~chinese)}
}

@article{pso:papso:perez05,
author={J. R. Perez and J. Basterrechea},
title={{Particle swarm optimization and its application to antenna farfield-pattern prediction from planar scanning}},
journal = {Microwave and optical technology letters},
year={2005},
volume={44},
number={5},
pages={398-403}
}

@mastersthesis{pso:papso:schutte01,
author={Jaco Schutte},
title={{Particle Swarms in Sizing and Global Optimization}},
school={University of Pretoria, South Africa},
year={2001}
}

@article{pso:apso:application:sun10,
	author={C. Sun and C. Chiu and C. Li},
	title={{Time-Domain inverse scattering of a two-dimensional metallic cylinder in slab medium using asynchronous particle swarm optimization}},
	journal = {Progress In Electromagnetics Research M},
	year={2010},
	volume={14},
	pages={85-100}
}


%% NEIGHBORHOODS

@inproceedings{pso:n:operator:suganthan99,
author={Suganthan, P.N.},
booktitle={IEEE Congress on Evolutionary Computation}, 
title={{Particle swarm optimiser with neighbourhood operator}},
year={1999},
volume={3},
pages={1958-1962}
}

@article{pso:n:dynamic:oca09, 
author={Montes de Oca, M.A. and Stutzle, T. and Birattari, M. and Dorigo, M.}, 
journal={IEEE Transactions on Evolutionary Computation}, 
title={{Frankenstein's {PSO}: A Composite Particle Swarm Optimization Algorithm}}, 
year={2009}, 
volume={13}, 
number={5}, 
pages={1120-1132}
}


%% Dynamic optimization


@inproceedings{pso:do:env-types:eberhart01, 
author={Eberhart, R.C. and Yuhui Shi}, 
booktitle={IEEE Congress on Evolutionary Computation, 2001}, 
title={Tracking and optimizing dynamic systems with particle swarms}, 
year={2001}, 
month={}, 
volume={1}, 
number={}, 
pages={94-100}, 
}

@inproceedings{pso:do:sentry:carlisle, 
author={Carlisle, A. and Dozier, G.}, 
booktitle={5th Biannual World Automation Congress}, 
title={Tracking changing extrema with adaptive particle swarm optimizer}, 
year={2002}, 
volume={13}, 
pages={265-270}
}


@inproceedings{pso:do:evaporation:arcos09,
 author = {Fernandez-Marquez, Jose Luis and Arcos, Josep Lluis},
 title = {An evaporation mechanism for dynamic and noisy multimodal optimization},
 booktitle = {Proceedings of the 11th Annual conference on Genetic and evolutionary computation},
 series = {GECCO '09},
 year = {2009},
  location = {Montreal, Qu\&\#233;bec, Canada},
 pages = {17-24},
 numpages = {8},
  publisher = {ACM}
} 

@inproceedings{pso:do:adaptive-pso:hu02,
    author = {Xiaohui Hu and Russell C. Eberhart},
    title = {Adaptive Particle Swarm Optimization: Detection And Response to Dynamic Systems},
    booktitle = {Proceedings of the IEEE Congress on Evolutionary Computation},
    year = {2002},
    pages = {1666-1670}
}


%%General references




%%Swarm Robotics
@inproceedings{pso:sr:inspiring:pugh07,
author={Pugh, J. and Martinoli, A.},
Booktitle={IEEE Swarm Intelligence Symposium}, 
title={{Inspiring and modeling multi-robot search with particle swarm optimization}},
year={2007},
pages={332-339},
}

@incollection{pso:sr:robot-to-pso:pugh06,
   author = {Pugh, Jim and Segapelli, Loïc and Martinoli, Alcherio},
   affiliation = {Swarm-Intelligent Systems Group, École Polytechnique Fédérale de Lausanne, Lausanne, Switzerland},
   title = {Applying Aspects of Multi-robot Search to Particle Swarm Optimization},
   booktitle = {Ant Colony Optimization and Swarm Intelligence},
   series = {Lecture Notes in Computer Science},
   editor = {Dorigo, Marco and Gambardella, Luca and Birattari, Mauro and Martinoli, Alcherio and Poli, Riccardo and Stützle, Thomas},
   publisher = {Springer Berlin / Heidelberg},
   pages = {506-507},
   volume = {4150},
   year = {2006}
}

@article{pso:sr:papso:xue09,
title = {Parallel asynchronous control strategy for target search with swarm robots},
journal = {International Journal of Bio-Inspired Computation},
volume = {1},
issue = {3},
pages = {151-163},
year = {2009},
author = {Xue, Songdong and Zhang, Jianhua and Zeng, Jianchao},
month={March}
}

@inproceedings{pso:sr:distributed:hereford06, 
author={Hereford, J.M.}, 
booktitle={IEEE Congress on Evolutionary Computation}, 
title={{A Distributed Particle Swarm Optimization Algorithm for Swarm Robotic Applications}}, 
year={2006},
pages={1678-1685} 
}

@inproceedings{pso:sr:search:hereford07, 
author={Hereford, J.M. and Siebold, M. and Nichols, S.}, 
booktitle={Swarm Intelligence Symposium, 2007. SIS 2007. IEEE}, 
title={{Using the Particle Swarm Optimization Algorithm for Robotic Search Applications}}, 
year={2007}, 
pages={53 -59}, 
}

@article{pso:sr:search:hereford08,
  author = 	 {Hereford, J.M. and Siebold, M. },
  title = 	 {Multi-robot search using a physically-embedded Particle Swarm Optimization},
  journal = 	 {International Journal of Computational Intelligence Research},
  year = 	 {2008},
  volume = 	 {4},
  number = 	 {2},
  pages = 	 {197-209}
}

@incollection{pso:sr:bioinspired:hereford10,
	author={James M. Hereford and Michael A. Siebold},
	year={2010},
	booktitle={Swarm Robotics from Biology to Robotics},
	title={Bio-Inspired Search Strategies for Robot Swarms},
	editor={Ester Martinez Martin},
	publisher={InTech}
}


@inproceedings{pso:sr:multitarget:derr09,
 author = {Derr, Kurt and Manic, Milos},
 title = {Multi-robot, multi-target particle swarm optimization search in noisy wireless environments},
 booktitle = {Proceedings of the 2nd conference on Human System Interactions},
 series = {HSI'09},
 year = {2009},
 location = {Catania, Italy},
 pages = {78-83},
 numpages = {6},
 publisher = {IEEE Press},
 address = {Piscataway, NJ, USA}
} 

@inproceedings{pso:sr:dynamic-n:akat08, 
author={Akat, S.B. and Gazi, V.}, 
booktitle={IEEE Swarm Intelligence Symposium}, 
title={Particle swarm optimization with dynamic neighborhood topology: Three neighborhood strategies and preliminary results}, 
year={2008}, 
month={sept.}, 
pages={1-8} 
}


@article{pso:sr:apso:akat10, 
title={Asynchronous particle swarm optimization-based search with a multi-robot system: simulation and implementation on a real robotic system},
journal={Turkish Journal of Electric Engineering and Computer Sciences}, 
volume={18}, 
number={5}, 
author={Akat, Salih Burak and Gazi, Veysel and Marques, Lino}, 
year={2010}, 
pages={749-764}
}

@article {pso:sr:area-extension:atyabi10,
   author = {Atyabi, Adham and Phon-Amnuaisuk, Somnuk and Ho, Chin},
   affiliation = {Multimedia University Faculty of Information Technology Cyberjaya Malaysia},
   title = {Applying Area Extension {PSO} in Robotic Swarm},
   journal = {Journal of Intelligent \&; Robotic Systems},
   publisher = {Springer Netherlands},
   keyword = {Engineering},
   pages = {253-285},
   volume = {58},
   issue = {3},
   year = {2010}
}



%% {PSO} in WSNs

@article{pso:wsn:survey:kulkarni11, 
author={Kulkarni, R.V. and Venayagamoorthy, G.K.}, 
journal={IEEE Transactions on Systems, Man, and Cybernetics, Part C: Applications and Reviews}, 
title={Particle Swarm Optimization in Wireless-Sensor Networks: A Brief Survey}, 
year={2011}, 
volume={41}, 
number={2}, 
pages={262-267} 
}

@inproceedings{pso:wsn:odor-localization:jamitko06, 
author={Jatmiko, W. and Sekiyama, K. and Fukuda, T.}, 
title={A {PSO}-based Mobile Sensor Network for Odor Source Localization in Dynamic Environment: Theory, Simulation and Measurement},
booktitle={IEEE Congress on Evolutionary Computation}, 
year={2006}, 
volume={}, 
number={}, 
pages={1036-1043}, 
}

@article{pso:wsn:coevolution:wang07,
    author = {Xue Wang and Sheng Wang and Jun-jie Ma},
    title = {An  improved co-evolutionary particle swarm optimization for wireless sensor networks with dynamic deployment},
    journal = {Sensors},
    year = {},
    volume = {2007},
    pages = {354-370}
}

@incollection {pso:wsn:dyn-deploy:wang06,
   author = {Wang, Xue and Wang, Sheng and Ma, Junjie},
   affiliation = {Tsinghua University State Key Laboratory of Precision Measurement Technology and Instruments, Department of Precision Instruments Beijing 100084 P.R. China},
   title = {Dynamic Deployment Optimization in Wireless Sensor Networks},
   booktitle = {Intelligent Control and Automation},
   series = {Lecture Notes in Control and Information Sciences},
   editor = {Huang, De-Shuang and Li, Kang and Irwin, George},
   publisher = {Springer Berlin / Heidelberg},
   pages = {182-187},
   volume = {344},
   year = {2006}
}


@inproceedings{pso:wsn:energy:alobaidy08, 
author={Al-Obaidy, M. and Ayesh, A.}, 
booktitle={International Conference on Computer Engineering Systems}, 
title={Optimizing autonomous mobile sensors network using {PSO} algorithms}, 
year={2008}, 
pages={199-203}, 
}


@inproceedings{pso:wsn:cov-voronoi:aziz09, 
author={Aziz, N.A.B.A. and Mohemmed, A.W. and Alias, M.Y.}, 
booktitle={International Conference on Networking, Sensing and Control},
 title={A wireless sensor network coverage optimization algorithm based on particle swarm optimization and Voronoi diagram}, 
year={2009}, 
pages={602-607}, 
}


@inproceedings{pso:wsn:cov-voronoi:aziz07, 
author={Aziz, N.A.B.A. and Mohemmed, A.W. and Daya Sagar, B.S.}, 
booktitle={International Conference on Intelligent and Advanced Systems},
title={Particle Swarm Optimization and Voronoi diagram for Wireless Sensor Networks coverage optimization}, 
year={2007}, 
pages={961-965}, 
}


@inproceedings{pso:wsn:cooperative-pso:shi02, 
author={Yuhui Shi and Krohling, R.A.}, 
booktitle={Congress on Evolutionary Computation}, 
title={Co-evolutionary particle swarm optimization to solve min-max problems}, 
year={2002}, 
month={}, 
volume={2}, 
number={}, 
pages={1682-1687}, 
}
