%à¤¬ 

@book{Navathe,
  author    = {Ramez Elmasri and
               Shamkant B. Navathe},
  title     = {Fundamentals of Database Systems, 2nd Edition},
  publisher = {Benjamin/Cummings},
  year      = {1994},
  isbn      = {0-8053-1748-1},
  bibsource = {DBLP, http://dblp.uni-trier.de}
}

@book{BOOK,
  title={Cassandra: The Definitive Guide},
  author={Hewitt, E.},
  isbn={9781449390419},
  series={Definitive Guide Series},
  url={http://books.google.co.nz/books?id=MKGSbCbEdg0C},
  year={2010},
  publisher={O'Reilly Media}
}

@ARTICLE{Spring2, 
author={Spring, J.}, 
journal={Security Privacy, IEEE}, 
title={Monitoring Cloud Computing by Layer, Part 2}, 
year={2011}, 
month={may-june }, 
volume={9}, 
number={3}, 
pages={52 -55}, 
keywords={cloud computing monitoring;information assurance;middleware;cloud computing;middleware;security of data;}, 
doi={10.1109/MSP.2011.57}, 
ISSN={1540-7993},}

@INPROCEEDINGS{Wuetal, 
author={Jiyi Wu and Lingdi Ping and Xiaoping Ge and Ya Wang and Jianqing Fu}, 
booktitle={Intelligent Computing and Cognitive Informatics (ICICCI), 2010 International Conference on}, 
title={Cloud Storage as the Infrastructure of Cloud Computing}, 
year={2010}, 
month={june}, 
volume={}, 
number={}, 
pages={380 -383}, 
keywords={IT infrastructure management;business paradigm;cloud computing infrastructure;cloud storage;emerging technology;web services;Internet;computational complexity;virtual storage;}, 
doi={10.1109/ICICCI.2010.119}, 
ISSN={},}


@ARTICLE{Spring1, 
author={Spring, J.}, 
journal={Security Privacy, IEEE}, 
title={Monitoring Cloud Computing by Layer, Part 1}, 
year={2011}, 
month={march-april }, 
volume={9}, 
number={2}, 
pages={66 -68}, 
keywords={IaaS;PaaS;SaaS;broad network access;cloud computing monitoring;cloud security;infra structure as a service;ondemand self service;platform as a service;software as a service;cloud computing;security of data;}, 
doi={10.1109/MSP.2011.33}, 
ISSN={1540-7993},}

@INPROCEEDINGS{Mateljan, 
author={Mateljan, V. and Cisic, D. and Ogrizovic, D.}, 
booktitle={MIPRO, 2010 Proceedings of the 33rd International Convention}, 
title={Cloud Database-as-a-Service (DaaS) - ROI}, 
year={2010}, 
month={may}, 
volume={}, 
number={}, 
pages={1185 -1188}, 
keywords={}, 
doi={}, 
ISSN={},}

@inproceedings{Shietal,
 author = {Shi, Yingjie and Meng, Xiaofeng and Zhao, Jing and Hu, Xiangmei and Liu, Bingbing and Wang, Haiping},
 title = {Benchmarking cloud-based data management systems},
 booktitle = {Proceedings of the second international workshop on Cloud data management},
 series = {CloudDB '10},
 year = {2010},
 isbn = {978-1-4503-0380-4},
 location = {Toronto, ON, Canada},
 pages = {47--54},
 numpages = {8},
 url = {http://doi.acm.org/10.1145/1871929.1871938},
 doi = {10.1145/1871929.1871938},
 acmid = {1871938},
 publisher = {ACM},
 address = {New York, NY, USA},
 keywords = {benchmark, cloud, data management},
} 


@article{Florescu,
 author = {Florescu, Daniela and Kossmann, Donald},
 title = {Rethinking cost and performance of database systems},
 journal = {SIGMOD Rec.},
 issue_date = {March 2009},
 volume = {38},
 number = {1},
 month = jun,
 year = {2009},
 issn = {0163-5808},
 pages = {43--48},
 numpages = {6},
 url = {http://doi.acm.org/10.1145/1558334.1558339},
 doi = {10.1145/1558334.1558339},
 acmid = {1558339},
 publisher = {ACM},
 address = {New York, NY, USA},
} 

@inproceedings{Stonebraker,
 author = {Stonebraker, Michael and Madden, Samuel and Abadi, Daniel J. and Harizopoulos, Stavros and Hachem, Nabil and Helland, Pat},
 title = {The end of an architectural era: (it's time for a complete rewrite)},
 booktitle = {Proceedings of the 33rd international conference on Very large data bases},
 series = {VLDB '07},
 year = {2007},
 isbn = {978-1-59593-649-3},
 location = {Vienna, Austria},
 pages = {1150--1160},
 numpages = {11},
 url = {http://dl.acm.org/citation.cfm?id=1325851.1325981},
 acmid = {1325981},
 publisher = {VLDB Endowment},
} 

@article{Abadi,
  author    = {Daniel J. Abadi},
  title     = {Data Management in the Cloud: Limitations and Opportunities},
  journal   = {IEEE Data Eng. Bull.},
  volume    = {32},
  number    = {1},
  year      = {2009},
  pages     = {3-12},
  ee        = {http://sites.computer.org/debull/A09mar/abadi.pdf},
  bibsource = {DBLP, http://dblp.uni-trier.de}
}


@article{Cooper,
author = {Brian Cooper},
title = {The Prickly Side of Building Clouds},
journal ={IEEE Internet Computing},
volume = {14},
issn = {1089-7801},
year = {2010},
pages = {64-67},
doi = {http://doi.ieeecomputersociety.org/10.1109/MIC.2010.151},
publisher = {IEEE Computer Society},
address = {Los Alamitos, CA, USA},
}


@misc{SNIA,
	title = {Cloud Storage for Cloud Computing},
	url = {http://ogf.org/Resources/documents/CloudStorageForCloudComputing.pdf},
	author = {{SNIA}},
	month = sep,
	year = {2009}
},

@misc{CloudComputingDefined,
	title = {Cloud Computing Defined},
	url = {http://www.cloudcomputingdefined.com/},
	publisher = {{CloudComputingDefined}}
},

@misc{DeLeon,
	title = {The Five Layers within Cloud Computing},
	url = {http://cloudcomputing.sys-con.com/node/1200642},
	author = {De Leon, Ernest},
	month = jun,
	year = {2009}
},

@misc{kennedy,
	title = {The anatomy of cloud computing},
	author = {Kennedy, Niall},
	month = mar,
	year = {2009}
},

@misc{hogan,
	title = {Cloud Computing and Databases},
	author = {Hogan, Mike},
	month = nov,
	year = {2008}
}

@inproceedings{bigtable,
 author = {Chang, Fay and Dean, Jeffrey and Ghemawat, Sanjay and Hsieh, Wilson C. and Wallach, Deborah A. and Burrows, Mike and Chandra, Tushar and Fikes, Andrew and Gruber, Robert E.},
 title = {Bigtable: a distributed storage system for structured data},
 booktitle = {Proceedings of the 7th USENIX Symposium on Operating Systems Design and Implementation - Volume 7},
 series = {OSDI '06},
 year = {2006},
 location = {Seattle, WA},
 pages = {15--15},
 numpages = {1},
 url = {http://dl.acm.org/citation.cfm?id=1267308.1267323},
 acmid = {1267323},
 publisher = {USENIX Association},
 address = {Berkeley, CA, USA},
} 

@inproceedings{Dynamo,
 author = {DeCandia, Giuseppe and Hastorun, Deniz and Jampani, Madan and Kakulapati, Gunavardhan and Lakshman, Avinash and Pilchin, Alex and Sivasubramanian, Swaminathan and Vosshall, Peter and Vogels, Werner},
 title = {Dynamo: amazon's highly available key-value store},
 booktitle = {Proceedings of twenty-first ACM SIGOPS symposium on Operating systems principles},
 series = {SOSP '07},
 year = {2007},
 isbn = {978-1-59593-591-5},
 location = {Stevenson, Washington, USA},
 pages = {205--220},
 numpages = {16},
 url = {http://doi.acm.org/10.1145/1294261.1294281},
 doi = {10.1145/1294261.1294281},
 acmid = {1294281},
 publisher = {ACM},
 address = {New York, NY, USA},
 keywords = {performance, reliability, scalability},
} 

@inproceedings{Hackl,
 author = {Hackl, G\"{u}nter and Pausch, Wolfgang and Sch\"{o}nherr, Sebastian and Specht, G\"{u}nther and Thiel, Gunther},
 title = {Synchronous metadata management of large storage systems},
 booktitle = {Proceedings of the Fourteenth International Database Engineering \&\#38; Applications Symposium},
 series = {IDEAS '10},
 year = {2010},
 isbn = {978-1-60558-900-8},
 location = {Montreal, Quebec, Canada},
 pages = {1--6},
 numpages = {6},
 url = {http://doi.acm.org/10.1145/1866480.1866481},
 doi = {10.1145/1866480.1866481},
 acmid = {1866481},
 publisher = {ACM},
 address = {New York, NY, USA},
} 



