
@misc{sql-server12,
	title = {System Tables {SQL} Server 2000},
	url = {http://msdn.microsoft.com/en-us/library/aa260409%28v=sql.80%29.aspx},
	journal = {System Tables {SQL} Server 2000},
	author = {, Microsoft},
	year = {2012}
}