
@misc{sys:msdn,
	title = {System Tables {SQL} Server 2000},
	url = {http://msdn.microsoft.com/en-us/library/aa260409\%28v=sql.80\%29.aspx},
	journal = {System Tables {SQL} Server 2000},
	author = {Microsoft},
	year = {2012}
},

@misc{sys:postgres,
	title = {{PostgreSQL} 8.3.17 Documentation},
	url = {http://www.postgresql.org/docs/8.3/static/infoschema-table-constraints.html},
	journal = {{PostgreSQL} 8.3.17 Documentation},
	author = {{PostgreSQL} Global Development Group},
	year = {2012}
}